% INTRODUCION
@ARTICLE{Alves:2001,
       author = {{Alves}, Jo{\~a}o F. and {Lada}, Charles J. and {Lada}, Elizabeth A.},
        title = "{Internal structure of a cold dark molecular cloud inferred from the extinction of background starlight}",
      journal = {\nat},
         year = 2001,
        month = jan,
       volume = {409},
       number = {6817},
        pages = {159-161},
       adsurl = {https://ui.adsabs.harvard.edu/abs/2001Natur.409..159A},
      adsnote = {Provided by the SAO/NASA Astrophysics Data System}
}

%EJEMPLOS DE GLOBULOS
@ARTICLE{Hartigan:2015,
       author = {{Hartigan}, P. and {Reiter}, M. and {Smith}, N. and {Bally}, J.},
        title = "{A Survey of Irradiated Pillars, Globules, and Jets in the Carina Nebula}",
      journal = {\aj},
     keywords = {H ii regions, Herbig{\textendash}Haro objects, ISM: bubbles, ISM: jets and outflows, photon-dominated region: PDR, stars: formation, Astrophysics - Solar and Stellar Astrophysics},
         year = 2015,
        month = mar,
       volume = {149},
       number = {3},
          eid = {101},
        pages = {101},
          doi = {10.1088/0004-6256/149/3/101},
archivePrefix = {arXiv},
       eprint = {1502.03798},
 primaryClass = {astro-ph.SR},
       adsurl = {https://ui.adsabs.harvard.edu/abs/2015AJ....149..101H},
      adsnote = {Provided by the SAO/NASA Astrophysics Data System}
}

@ARTICLE{MeganReiter:2019,
       author = {{Reiter}, Megan and {McLeod}, Anna F. and {Klaassen}, Pamela D. and {Guzm{\'a}n}, Andr{\'e}s E. and {Dale}, J.~E. and {Mottram}, Joseph C. and {Garay}, Guido},
        title = "{Illuminating the Tadpole's metamorphosis - I. MUSE observations of a small globule in a sea of ionizing photons}",
      journal = {\mnras},
     keywords = {H $\lt$sc$\gt$ii$\lt$/sc$\gt$ regions, ISM: individual objects: NGC 3372, ISM: jets and outflows, Astrophysics - Astrophysics of Galaxies},
         year = 2019,
        month = dec,
       volume = {490},
       number = {2},
        pages = {2056-2070},
          doi = {10.1093/mnras/stz2752},
archivePrefix = {arXiv},
       eprint = {1909.12666},
 primaryClass = {astro-ph.GA},
       adsurl = {https://ui.adsabs.harvard.edu/abs/2019MNRAS.490.2056R},
      adsnote = {Provided by the SAO/NASA Astrophysics Data System}
}

@ARTICLE{GFGahm:2013,
       author = {{Gahm}, G.~F. and {Persson}, C.~M. and {M{\"a}kel{\"a}}, M.~M. and {Haikala}, L.~K.},
        title = "{Mass and motion of globulettes in the Rosette Nebula}",
      journal = {\aap},
     keywords = {HII regions, ISM: molecules, ISM: kinematics and dynamics, evolution, ISM: individual objects: Rosette Nebula, Astrophysics - Astrophysics of Galaxies},
         year = 2013,
        month = jul,
       volume = {555},
          eid = {A57},
        pages = {A57},
          doi = {10.1051/0004-6361/201321547},
archivePrefix = {arXiv},
       eprint = {1305.2485},
 primaryClass = {astro-ph.GA},
       adsurl = {https://ui.adsabs.harvard.edu/abs/2013A&A...555A..57G},
      adsnote = {Provided by the SAO/NASA Astrophysics Data System}
}

@ARTICLE{JJHester:1996,
       author = {{Hester}, J.~J. and {Scowen}, P.~A. and {Sankrit}, R. and {Lauer}, T.~R. and {Ajhar}, E.~A. and {Baum}, W.~A. and {Code}, A. and {Currie}, D.~G. and {Danielson}, G.~E. and {Ewald}, S.~P. and {Faber}, S.~M. and {Grillmair}, C.~J. and {Groth}, E.~J. and {Holtzman}, J.~A. and {Hunter}, D.~A. and {Kristian}, J. and {Light}, R.~M. and {Lynds}, C.~R. and {Monet}, D.~G. and {O'Neil}, E.~J., Jr. and {Shaya}, E.~J. and {Seidelmann}, P.~K. and {Westphal}, J.~A.},
        title = "{Hubble Space Telescope WFPC2 Imaging of M16: Photoevaporation and Emerging Young Stellar Objects}",
      journal = {\aj},
     keywords = {ISM: INDIVIDUAL: M16, HII REGIONS, STARS: FORMATION},
         year = 1996,
        month = jun,
       volume = {111},
        pages = {2349},
          doi = {10.1086/117968},
       adsurl = {https://ui.adsabs.harvard.edu/abs/1996AJ....111.2349H},
      adsnote = {Provided by the SAO/NASA Astrophysics Data System}
}

@ARTICLE{Mesa-Delgado:2016,
       author = {{Mesa-Delgado}, A. and {Zapata}, L. and {Henney}, W.~J. and {Puzia}, T.~H. and {Tsamis}, Y.~G.},
        title = "{Protoplanetary Disks in the Hostile Environment of Carina}",
      journal = {\apjl},
     keywords = {protoplanetary disks, stars: formation, stars: protostars, techniques: high angular resolution, techniques: interferometric, Astrophysics - Earth and Planetary Astrophysics},
         year = 2016,
        month = jul,
       volume = {825},
       number = {1},
          eid = {L16},
        pages = {L16},
          doi = {10.3847/2041-8205/825/1/L16},
archivePrefix = {arXiv},
       eprint = {1605.08809},
 primaryClass = {astro-ph.EP},
       adsurl = {https://ui.adsabs.harvard.edu/abs/2016ApJ...825L..16M},
      adsnote = {Provided by the SAO/NASA Astrophysics Data System}
}

@ARTICLE{Garcia-Arredondo:2001,
       author = {{Garc{\'\i}a-Arredondo}, F. and {Henney}, W.~J. and {Arthur}, S.~J.},
        title = "{Hydrodynamic Simulations of Proplyd Bow Shocks}",
      journal = {\apj},
     keywords = {ISM: Dust, Extinction, Hydrodynamics, ISM: individual (Orion Nebula), ISM: Jets and Outflows, Stars: Winds, Outflows},
         year = 2001,
        month = nov,
       volume = {561},
       number = {2},
        pages = {830-842},
          doi = {10.1086/323367},
       adsurl = {https://ui.adsabs.harvard.edu/abs/2001ApJ...561..830G},
      adsnote = {Provided by the SAO/NASA Astrophysics Data System}
}

@ARTICLE{O'Dell:2007,
       author = {{O'Dell}, C.~R. and {Henney}, W.~J. and {Ferland}, G.~J.},
        title = "{Determination of the Physical Conditions of the Knots in the Helix Nebula from Optical and Infrared Observations}",
      journal = {\aj},
     keywords = {planetary nebulae: individual: Helix Nebula: NGC 7293, Astrophysics},
         year = 2007,
        month = may,
       volume = {133},
       number = {5},
        pages = {2343-2356},
          doi = {10.1086/513011},
archivePrefix = {arXiv},
       eprint = {astro-ph/0701636},
 primaryClass = {astro-ph},
       adsurl = {https://ui.adsabs.harvard.edu/abs/2007AJ....133.2343O},
      adsnote = {Provided by the SAO/NASA Astrophysics Data System}
}

%FASES DE EVOLUCION
@ARTICLE{Kahn:1954,
       author = {{Kahn}, F.~D.},
        title = "{The acceleration of interstellar clouds}",
      journal = {\bain},
         year = 1954,
        month = nov,
       volume = {12},
        pages = {187},
       adsurl = {https://ui.adsabs.harvard.edu/abs/1954BAN....12..187K},
      adsnote = {Provided by the SAO/NASA Astrophysics Data System}
}

@ARTICLE{OortySpitzer_1955,
       author = {{Oort}, Jan H. and {Spitzer}, Lyman, Jr.},
        title = "{Acceleration of Interstellar Clouds by O-Type Stars.}",
      journal = {\apj},
         year = 1955,
        month = jan,
       volume = {121},
        pages = {6},
          doi = {10.1086/145958},
       adsurl = {https://ui.adsabs.harvard.edu/abs/1955ApJ...121....6O},
      adsnote = {Provided by the SAO/NASA Astrophysics Data System}
}

@ARTICLE{Bertoldi_1989,
       author = {{Bertoldi}, Frank},
        title = "{The Photoevaporation of Interstellar Clouds. I. Radiation-driven Implosion}",
      journal = {\apj},
     keywords = {H Ii Regions, Interstellar Matter, Molecular Clouds, Computational Astrophysics, Evaporation, Ionized Gases, Lyman Alpha Radiation, Radiation Distribution, Shock Fronts, Star Formation, Astrophysics, INTERSTELLAR: MATTER, NEBULAE: H II REGIONS, SHOCK WAVES},
         year = 1989,
        month = nov,
       volume = {346},
        pages = {735},
          doi = {10.1086/168055},
       adsurl = {https://ui.adsabs.harvard.edu/abs/1989ApJ...346..735B},
      adsnote = {Provided by the SAO/NASA Astrophysics Data System}
}

%ESTRELLAS WR
@ARTICLE{crowther:2007,
       author = {{Crowther}, Paul A.},
        title = "{Physical Properties of Wolf-Rayet Stars}",
      journal = {\araa},
     keywords = {Astrophysics},
         year = 2007,
        month = sep,
       volume = {45},
       number = {1},
        pages = {177-219},
          doi = {10.1146/annurev.astro.45.051806.110615},
archivePrefix = {arXiv},
       eprint = {astro-ph/0610356},
 primaryClass = {astro-ph},
       adsurl = {https://ui.adsabs.harvard.edu/abs/2007ARA&A..45..177C},
      adsnote = {Provided by the SAO/NASA Astrophysics Data System}
}

@ARTICLE{Smith:1968,
       author = {{Smith}, Lindsey F.},
        title = "{A revised spectral classification system and a new catalogue for galactic Wolf-Rayet stars}",
      journal = {\mnras},
         year = 1968,
        month = jan,
       volume = {138},
        pages = {109},
          doi = {10.1093/mnras/138.1.109},
       adsurl = {https://ui.adsabs.harvard.edu/abs/1968MNRAS.138..109S},
      adsnote = {Provided by the SAO/NASA Astrophysics Data System}
}

@ARTICLE{SSM:1996,
       author = {{Smith}, Lindsey F. and {Shara}, Michael M. and {Moffat}, Anthony F.~J.},
        title = "{A three-dimensional classification for WN stars}",
      journal = {\mnras},
     keywords = {STARS: WOLF-RAYET, GALAXY: STELLAR CONTENT, MAGELLANIC CLOUDS},
         year = 1996,
        month = jul,
       volume = {281},
       number = {1},
        pages = {163-191},
          doi = {10.1093/mnras/281.1.163},
       adsurl = {https://ui.adsabs.harvard.edu/abs/1996MNRAS.281..163S},
      adsnote = {Provided by the SAO/NASA Astrophysics Data System}
}

%M1-67
@ARTICLE{Hamman:2006,
       author = {{Hamann}, W. -R. and {Gr{\"a}fener}, G. and {Liermann}, A.},
        title = "{The Galactic WN stars. Spectral analyses with line-blanketed model atmospheres versus stellar evolution models with and without rotation}",
      journal = {\aap},
     keywords = {stars: mass-loss, stars: winds, outflows, stars: Wolf-Rayet, stars: atmospheres, stars: early-type, stars: evolution, Astrophysics},
         year = 2006,
        month = oct,
       volume = {457},
       number = {3},
        pages = {1015-1031},
          doi = {10.1051/0004-6361:20065052},
archivePrefix = {arXiv},
       eprint = {astro-ph/0608078},
 primaryClass = {astro-ph},
       adsurl = {https://ui.adsabs.harvard.edu/abs/2006A&A...457.1015H},
      adsnote = {Provided by the SAO/NASA Astrophysics Data System}
}

@ARTICLE{Grosdidier:1998,
       author = {{Grosdidier}, Yves and {Moffat}, Anthony F.~J. and {Joncas}, Gilles and {Acker}, Agn{\`e}s},
        title = "{HST WFPC2/H{\ensuremath{\alpha}} Imagery of the Nebula M1-67: A Clumpy LBV Wind Imprinting Itself on the Nebular Structure?}",
      journal = {\apjl},
     keywords = {INSTABILITIES, ISM: BUBBLES, ISM: INDIVIDUAL: ALPHANUMERIC: M1-67, ISM: KINEMATICS AND DYNAMICS, STARS: INDIVIDUAL: ALPHANUMERIC: WR 124, STARS: WOLF-RAYET, Instabilities, ISM: Bubbles, ISM: Individual: Alphanumeric: M1-67, ISM: Kinematics and Dynamics, Stars: Individual: Alphanumeric: WR 124, Stars: Wolf-Rayet},
         year = 1998,
        month = oct,
       volume = {506},
       number = {2},
        pages = {L127-L131},
          doi = {10.1086/311647},
       adsurl = {https://ui.adsabs.harvard.edu/abs/1998ApJ...506L.127G},
      adsnote = {Provided by the SAO/NASA Astrophysics Data System}
}

### APENDICES

@article{Jimenez_H:2020,
    author = {Jiménez-Hernández, P and Arthur, S J and Toalá, J A},
    title = "{Dust in the Wolf–Rayet nebula M 1-67}",
    journal = {Monthly Notices of the Royal Astronomical Society},
    volume = {497},
    number = {4},
    pages = {4128-4142},
    year = {2020},
    month = {08},
    abstract = "{The Wolf–Rayet nebula M 1-67 around WR 124 is located above the Galactic plane in a region mostly empty of interstellar medium, which makes it the perfect target to study the mass-loss episodes associated with the late stages of massive star evolution. Archive photometric observations from Wide-field Infrared Survey Explorer(WISE), Spitzer (MIPS), and Herschel (PACS and SPIRE) are used to construct the spectral energy distribution (SED) of the nebula in the wavelength range of 12–500 μm. The infrared (photometric and spectroscopic) data and nebular optical data from the literature are modelled simultaneously using the spectral synthesis code cloudy, where the free parameters are the gas density distribution and the dust grain-sized distribution. The infrared SED can be reproduced by dust grains with two size distributions: an MRN power-law distribution with grain sizes between 0.005 and 0.05 μm and a population of large grains with representative size of 0.9 μm. The latter points towards an eruptive origin for the formation of M 1-67. The model predicts a nebular ionized gas mass of \\$M\_\\mathrm\\{ion\\} = 9.2^\\{+1.6\\}\_\\{-1.5\\}~\\mathrm\\{M\\}\_\\odot\\$ and the estimated mass-loss rate during the dust formation period is \\$\\dot\\{M\\} \\approx 6 \\times 10^\\{-4\\}~ \\mathrm\\{M\\}\_\\odot\\$ yr−1. We discuss the implications of our results in the context of single and binary stellar evolution and propose that M 1-67 represents the best candidate for a post-common envelope scenario in massive stars.}",
    issn = {0035-8711},
    doi = {10.1093/mnras/staa2272},
    url = {https://doi.org/10.1093/mnras/staa2272},
    eprint = {https://academic.oup.com/mnras/article-pdf/497/4/4128/33671883/staa2272.pdf},
}

@article{ Hamann:2019,
	author = {{Hamann, W.-R.} and {Gräfener, G.} and {Liermann, A.} and {Hainich, R.} and {Sander, A. A. C.} and {Shenar, T.} and {Ramachandran, V.} and {Todt, H.} and {Oskinova, L. M.}},
	title = {The Galactic WN stars revisited - Impact of Gaia distances on fundamental stellar parameters},
	DOI= "10.1051/0004-6361/201834850",
	url= "https://doi.org/10.1051/0004-6361/201834850",
	journal = {\aap},
	year = 2019,
	volume = 625,
	pages = "A57",
}

@ARTICLE{Dyson:1968,
       author = {{Dyson}, J.~E.},
        title = "{The Dynamics of the Orion Nebula, I: Neutral Condensations in an H II Region}",
      journal = {\apss},
         year = 1968,
        month = may,
       volume = {1},
       number = {3},
        pages = {388-405},
          doi = {10.1007/BF00656009},
       adsurl = {https://ui.adsabs.harvard.edu/abs/1968Ap&SS...1..388D},
      adsnote = {Provided by the SAO/NASA Astrophysics Data System}
}

%ESTRCUTURA
@ARTICLE{Canto:1996,
       author = {{Cant{\'o}}, J. and {Raga}, A.~C. and {Wilkin}, F.~P.},
        title = "{Exact, Algebraic Solutions of the Thin-Shell Two-Wind Interaction Problem}",
      journal = {\apj},
     keywords = {STARS: MASS LOSS, HYDRODYNAMICS, SHOCK WAVES, ISM: BUBBLES},
         year = 1996,
        month = oct,
       volume = {469},
        pages = {729},
          doi = {10.1086/177820},
       adsurl = {https://ui.adsabs.harvard.edu/abs/1996ApJ...469..729C},
      adsnote = {Provided by the SAO/NASA Astrophysics Data System}
}

@ARTICLE{Tarango:2018,
       author = {{Tarango-Yong}, Jorge A. and {Henney}, William J.},
        title = "{True versus apparent shapes of bow shocks}",
      journal = {\mnras},
     keywords = {hydrodynamics, circumstellar matter, stars: winds, outflows, Astrophysics - Solar and Stellar Astrophysics, Astrophysics - Astrophysics of Galaxies},
         year = 2018,
        month = jun,
       volume = {477},
       number = {2},
        pages = {2431-2454},
          doi = {10.1093/mnras/sty669},
archivePrefix = {arXiv},
       eprint = {1712.02300},
 primaryClass = {astro-ph.SR},
       adsurl = {https://ui.adsabs.harvard.edu/abs/2018MNRAS.477.2431T},
      adsnote = {Provided by the SAO/NASA Astrophysics Data System}
}



%BOOKS
@BOOK{Shuu:1992,
       author = {{Shu}, F.~H.},
        title = "{The physics of astrophysics. Volume II: Gas dynamics.}",
         year = 1992,
       adsurl = {https://ui.adsabs.harvard.edu/abs/1992pavi.book.....S},
      adsnote = {Provided by the SAO/NASA Astrophysics Data System}
}

%Discusion
@ARTICLE{Zavala:2022,
       author = {{Zavala}, S. and {Toal{\'a}}, J.~A. and {Santamar{\'\i}a}, E. and {Ramos-Larios}, G. and {Sabin}, L. and {Quino-Mendoza}, J.~A. and {Rubio}, G. and {Guerrero}, M.~A.},
        title = "{3D mapping of the Wolf-Rayet nebula M 1-67: clues for post-common envelope evolution in massive stars}",
      journal = {\mnras},
     keywords = {circumstellar matter, stars: evolution, stars: individual: WR124, stars: massive, stars: mass-loss, Astrophysics - Solar and Stellar Astrophysics, Astrophysics - Astrophysics of Galaxies},
         year = 2022,
        month = jul,
       volume = {513},
       number = {3},
        pages = {3317-3325},
          doi = {10.1093/mnras/stac1097},
archivePrefix = {arXiv},
       eprint = {2204.07778},
 primaryClass = {astro-ph.SR},
       adsurl = {https://ui.adsabs.harvard.edu/abs/2022MNRAS.513.3317Z},
      adsnote = {Provided by the SAO/NASA Astrophysics Data System}
}

@ARTICLE{Mancherko:2010,
       author = {{Marchenko}, S.~V. and {Moffat}, A.~F.~J. and {Crowther}, P.~A.},
        title = "{Population I Wolf-Rayet Runaway Stars: The Case of WR124 and its Expanding Nebula M1-67}",
      journal = {\apjl},
     keywords = {gamma-ray burst: general, stars: distances, stars: individual: WR 124, stars: Wolf-Rayet, supernovae: general, Astrophysics - Solar and Stellar Astrophysics},
         year = 2010,
        month = nov,
       volume = {724},
       number = {1},
        pages = {L90-L94},
          doi = {10.1088/2041-8205/724/1/L90},
archivePrefix = {arXiv},
       eprint = {1011.0785},
 primaryClass = {astro-ph.SR},
       adsurl = {https://ui.adsabs.harvard.edu/abs/2010ApJ...724L..90M},
      adsnote = {Provided by the SAO/NASA Astrophysics Data System}
}

@ARTICLE{Crowther:1999,
       author = {{Crowther}, Paul A. and {Pasquali}, A. and {De Marco}, Orsola and {Schmutz}, W. and {Hillier}, D.~J. and {de Koter}, A.},
        title = "{Wolf-Rayet nebulae as tracers of stellar ionizing fluxes. I. M1-67}",
      journal = {\aap},
     keywords = {STARS: FUNDAMENTAL PARAMETERS, STARS: INDIVIDUAL: WR124, STARS: WOLF-RAYET, ISM: H II REGIONS, ISM: INDIVIDUAL OBJECTS: M1-67, Astrophysics},
         year = 1999,
        month = oct,
       volume = {350},
        pages = {1007-1017},
          doi = {10.48550/arXiv.astro-ph/9908200},
archivePrefix = {arXiv},
       eprint = {astro-ph/9908200},
 primaryClass = {astro-ph},
       adsurl = {https://ui.adsabs.harvard.edu/abs/1999A&A...350.1007C},
      adsnote = {Provided by the SAO/NASA Astrophysics Data System}
}

@ARTICLE{Marcel:2021,
       author = {{S{\'e}vigny}, Marcel and {St-Louis}, Nicole and {Drissen}, Laurent and {Martin}, Thomas},
        title = "{New insights into the WR nebula M1-67 with SITELLE}",
      journal = {\mnras},
     keywords = {Techniques: imaging spectroscopy, Stars: Winds, outflows, Stars: Wolf-Rayet, ISM: Bubbles, ISM: Jets and outflows, ISM: Kinematics and dynamics, Astrophysics - Solar and Stellar Astrophysics, Astrophysics - Astrophysics of Galaxies},
         year = 2021,
        month = mar,
       volume = {501},
       number = {4},
        pages = {5350-5361},
          doi = {10.1093/mnras/staa3971},
archivePrefix = {arXiv},
       eprint = {2101.02371},
 primaryClass = {astro-ph.SR},
       adsurl = {https://ui.adsabs.harvard.edu/abs/2021MNRAS.501.5350S},
      adsnote = {Provided by the SAO/NASA Astrophysics Data System}
}

@ARTICLE{Dibai:1964,
       author = {{Dibai}, {\'E}. A.},
        title = "{Origin of Cometary Nebulae. II.}",
      journal = {\sovast},
         year = 1964,
        month = apr,
       volume = {7},
        pages = {606},
       adsurl = {https://ui.adsabs.harvard.edu/abs/1964SvA.....7..606D},
      adsnote = {Provided by the SAO/NASA Astrophysics Data System}
}

@ARTICLE{Schenider:2016,
       author = {{Schneider}, N. and {Bontemps}, S. and {Motte}, F. and {Blazere}, A. and {Andr{\'e}}, Ph. and {Anderson}, L.~D. and {Arzoumanian}, D. and {Comer{\'o}n}, F. and {Didelon}, P. and {Di Francesco}, J. and {Duarte-Cabral}, A. and {Guarcello}, M.~G. and {Hennemann}, M. and {Hill}, T. and {K{\"o}nyves}, V. and {Marston}, A. and {Minier}, V. and {Rygl}, K.~L.~J. and {R{\"o}llig}, M. and {Roy}, A. and {Spinoglio}, L. and {Tremblin}, P. and {White}, G.~J. and {Wright}, N.~J.},
        title = "{Globules and pillars in Cygnus X. I. Herschel far-infrared imaging of the Cygnus OB2 environment}",
      journal = {\aap},
     keywords = {ISM: clouds, ISM: individual objects: Cygnus X, Astrophysics - Astrophysics of Galaxies},
         year = 2016,
        month = jun,
       volume = {591},
          eid = {A40},
        pages = {A40},
          doi = {10.1051/0004-6361/201628328},
archivePrefix = {arXiv},
       eprint = {1604.03967},
 primaryClass = {astro-ph.GA},
       adsurl = {https://ui.adsabs.harvard.edu/abs/2016A&A...591A..40S},
      adsnote = {Provided by the SAO/NASA Astrophysics Data System}
}

@INCOLLECTION{WR:ref,
     author = {{Murdin}, P.},
        title = "{Wolf, Charles J E (1827-1918)}",
     keywords = {History and Archaeoastronomy, Biographies},
    booktitle = {Encyclopedia of Astronomy and Astrophysics},
         year = 2000,
       editor = {{Murdin}, P.},
          eid = {4101},
        pages = {4101},
          doi = {10.1888/0333750888/4101},
       adsurl = {https://ui.adsabs.harvard.edu/abs/2000eaa..bookE4101.},
      adsnote = {Provided by the SAO/NASA Astrophysics Data System}
}

@ARTICLE{VanDerHutch:2001,
       author = {{van der Hucht}, Karel A.},
        title = "{The VIIth catalogue of galactic Wolf-Rayet stars}",
      journal = {\nar},
         year = 2001,
        month = feb,
       volume = {45},
       number = {3},
        pages = {135-232},
          doi = {10.1016/S1387-6473(00)00112-3},
       adsurl = {https://ui.adsabs.harvard.edu/abs/2001NewAR..45..135V},
      adsnote = {Provided by the SAO/NASA Astrophysics Data System}
}

% INESTABILIDADES

@ARTICLE{Ballesteros:2011,
       author = {{Ballesteros-Paredes}, Javier and {V{\'a}zquez-Semadeni}, Enrique and {Gazol}, Adriana and {Hartmann}, Lee W. and {Heitsch}, Fabian and {Col{\'\i}n}, Pedro},
        title = "{Gravity or turbulence? - II. Evolving column density probability distribution functions in molecular clouds}",
      journal = {\mnras},
     keywords = {turbulence, stars: formation, ISM: clouds, ISM: general, ISM: kinematics and dynamics, Astrophysics - Earth and Planetary Astrophysics},
         year = 2011,
        month = sep,
       volume = {416},
       number = {2},
        pages = {1436-1442},
          doi = {10.1111/j.1365-2966.2011.19141.x},
archivePrefix = {arXiv},
       eprint = {2412.13586},
 primaryClass = {astro-ph.EP},
       adsurl = {https://ui.adsabs.harvard.edu/abs/2011MNRAS.416.1436B},
      adsnote = {Provided by the SAO/NASA Astrophysics Data System}
}


@ARTICLE{Padoan:2002,
       author = {{Padoan}, Paolo and {Nordlund}, {\r{A}}ke},
        title = "{The Stellar Initial Mass Function from Turbulent Fragmentation}",
      journal = {\apj},
     keywords = {ISM: Kinematics and Dynamics, Stars: Formation, Stars: Luminosity Function, Mass Function, Turbulence, Astrophysics},
         year = 2002,
        month = sep,
       volume = {576},
       number = {2},
        pages = {870-879},
          doi = {10.1086/341790},
archivePrefix = {arXiv},
       eprint = {astro-ph/0011465},
 primaryClass = {astro-ph},
       adsurl = {https://ui.adsabs.harvard.edu/abs/2002ApJ...576..870P},
      adsnote = {Provided by the SAO/NASA Astrophysics Data System}
}

@ARTICLE{Wil:2019,
       author = {{Henney}, William J. and {Arthur}, S.~J.},
        title = "{Bow shocks, bow waves, and dust waves - I. Strong coupling limit}",
      journal = {\mnras},
     keywords = {circumstellar matter, stars: winds, outflows, Astrophysics - Solar and Stellar Astrophysics, Astrophysics - Astrophysics of Galaxies},
         year = 2019,
        month = jul,
       volume = {486},
       number = {3},
        pages = {3423-3433},
          doi = {10.1093/mnras/stz1043},
archivePrefix = {arXiv},
       eprint = {1903.03737},
 primaryClass = {astro-ph.SR},
       adsurl = {https://ui.adsabs.harvard.edu/abs/2019MNRAS.486.3423H},
      adsnote = {Provided by the SAO/NASA Astrophysics Data System}
}

@ARTICLE{Will:2009,
       author = {{Henney}, William J. and {Arthur}, S. Jane and {de Colle}, Fabio and {Mellema}, Garrelt},
        title = "{Radiation-magnetohydrodynamic simulations of the photoionization of magnetized globules}",
      journal = {\mnras},
     keywords = {MHD, stars: formation, ISM: globules, HII regions, Astrophysics},
         year = 2009,
        month = sep,
       volume = {398},
       number = {1},
        pages = {157-175},
          doi = {10.1111/j.1365-2966.2009.15153.x},
archivePrefix = {arXiv},
       eprint = {0810.1531},
 primaryClass = {astro-ph},
       adsurl = {https://ui.adsabs.harvard.edu/abs/2009MNRAS.398..157H},
      adsnote = {Provided by the SAO/NASA Astrophysics Data System}
}

@BOOK{Dyson:book:1980,
       author = {{Dyson}, J.~E. and {Williams}, D.~A.},
        title = "{Physics of the interstellar medium}",
         year = 1980,
       adsurl = {https://ui.adsabs.harvard.edu/abs/1980pim..book.....D},
      adsnote = {Provided by the SAO/NASA Astrophysics Data System}
}

@ARTICLE{Palmira:2020,
       author = {{Jim{\'e}nez-Hern{\'a}ndez}, P. and {Arthur}, S.~J. and {Toal{\'a}}, J.~A.},
        title = "{Dust in the Wolf-Rayet nebula M 1-67}",
      journal = {\mnras},
     keywords = {stars: circumstellar matter, stars: evolution, stars: individual (WR124), Massive stars, stars: mass loss, Astrophysics - Solar and Stellar Astrophysics, Astrophysics - Astrophysics of Galaxies},
         year = 2020,
        month = oct,
       volume = {497},
       number = {4},
        pages = {4128-4142},
          doi = {10.1093/mnras/staa2272},
archivePrefix = {arXiv},
       eprint = {2007.14373},
 primaryClass = {astro-ph.SR},
       adsurl = {https://ui.adsabs.harvard.edu/abs/2020MNRAS.497.4128J},
      adsnote = {Provided by the SAO/NASA Astrophysics Data System}
}

@ARTICLE{Amin:2005,
       author = {{Amin}, Magdy Y. and {El-Nawawy}, M.~S.},
        title = "{Chemical model for dense portion of the nearby globule Barnard (B68)}",
      journal = {\na},
     keywords = {98.58.Db, Molecular clouds H<sub>2</sub> clouds dense clouds and dark clouds},
         year = 2005,
        month = nov,
       volume = {11},
       number = {2},
        pages = {138-145},
          doi = {10.1016/j.newast.2005.06.006},
       adsurl = {https://ui.adsabs.harvard.edu/abs/2005NewA...11..138A},
      adsnote = {Provided by the SAO/NASA Astrophysics Data System}
}

@ARTICLE{DFrancesco:2002,
       author = {{Di Francesco}, James and {Hogerheijde}, Michiel R. and {Welch}, William J. and {Bergin}, Edwin A.},
        title = "{Abundances of Molecular Species in Barnard 68}",
      journal = {\aj},
     keywords = {ISM: Abundances, ISM: Globules, ISM: individual (Barnard 68), ISM: Molecules, Stars: Formation, Astrophysics},
         year = 2002,
        month = nov,
       volume = {124},
       number = {5},
        pages = {2749-2755},
          doi = {10.1086/344078},
archivePrefix = {arXiv},
       eprint = {astro-ph/0208298},
 primaryClass = {astro-ph},
       adsurl = {https://ui.adsabs.harvard.edu/abs/2002AJ....124.2749D},
      adsnote = {Provided by the SAO/NASA Astrophysics Data System}
}

